<collection xmlns="http://www.loc.gov/MARC21/slim">
<record>
  <leader>02903nam0a2200493 i 450 </leader>
  <controlfield tag="001">IT\ICCU\CNCE\014770</controlfield>
  <controlfield tag="005">20160419000000.0</controlfield>
  <datafield tag="012" ind1=" " ind2=" ">
    <subfield code="a">iane i-no auum maha (C) 1503 (A)</subfield>
    <subfield code="2">fei</subfield>
    <subfield code="9">1</subfield>
  </datafield>
  <datafield tag="012" ind1=" " ind2=" ">
    <subfield code="a">nses a.i: hoec sisi (C) 1504 (R)</subfield>
    <subfield code="2">fei</subfield>
    <subfield code="9">2</subfield>
  </datafield>
  <datafield tag="100" ind1=" " ind2=" ">
    <subfield code="a">19970101g15031504    0itac0103    ba</subfield>
  </datafield>
  <datafield tag="101" ind1=" " ind2=" ">
    <subfield code="a">LAT</subfield>
  </datafield>
  <datafield tag="102" ind1=" " ind2=" ">
    <subfield code="a">IT</subfield>
  </datafield>
  <datafield tag="200" ind1="1" ind2=" ">
    <subfield code="a">℗Bartholomei Coclitis ℗Chyromantie ac physionomie anastasis cum approbatione magistri Alexandri de Achillinis</subfield>
  </datafield>
  <datafield tag="210" ind1=" " ind2=" ">
    <subfield code="e">Impressum Bononie</subfield>
    <subfield code="g">per Ioannem Antonium Platonidem Benedictorum</subfield>
    <subfield code="h">1504 die vero IIII mensis Septembris</subfield>
  </datafield>
  <datafield tag="215" ind1=" " ind2=" ">
    <subfield code="a">2 v.</subfield>
    <subfield code="d">fol</subfield>
  </datafield>
  <datafield tag="300" ind1=" " ind2=" ">
    <subfield code="a">1: Alexander Achillinus De chyromantiae principiis et physionomie. Bononiae, ex arte et officina Ioannis Antonij de Benedictis, 1503.  L&apos;opera di Achillini  ̈premessa a quella di Cocles e ne costituisce il proemio</subfield>
  </datafield>
  <datafield tag="423" ind1=" " ind2="0">
    <subfield code="1">001IT\ICCU\CNCE\025083</subfield>
    <subfield code="1">2001 </subfield>
    <subfield code="a">De chyromantie principiis &amp; physionomie.</subfield>
  </datafield>
  <datafield tag="620" ind1=" " ind2=" ">
    <subfield code="a">IT</subfield>
    <subfield code="d">Bologna</subfield>
  </datafield>
  <datafield tag="700" ind1=" " ind2="1">
    <subfield code="a">Cocles,</subfield>
    <subfield code="b">Bartholomaeus</subfield>
    <subfield code="3">IT\ICCU\CNCA\003731</subfield>
  </datafield>
  <datafield tag="702" ind1=" " ind2="1">
    <subfield code="a">Achillini,</subfield>
    <subfield code="b">Alessandro</subfield>
    <subfield code="3">IT\ICCU\CNCA\000443</subfield>
  </datafield>
  <datafield tag="712" ind1="0" ind2="0">
    <subfield code="a">Benedetti, Giovanni Antonio</subfield>
    <subfield code="c"> &lt;1.&gt;</subfield>
    <subfield code="3">IT\ICCU\CNCT\000128</subfield>
    <subfield code="4">650</subfield>
  </datafield>
  <datafield tag="790" ind1=" " ind2="1">
    <subfield code="a">Della_Rocca,</subfield>
    <subfield code="b">Bartolomeo</subfield>
    <subfield code="3">IT\ICCU\CNCA\003732</subfield>
    <subfield code="z">Cocles, Bartholomaeus</subfield>
  </datafield>
  <datafield tag="790" ind1=" " ind2="1">
    <subfield code="a">Coclite,</subfield>
    <subfield code="b">Bartolomeo</subfield>
    <subfield code="3">IT\ICCU\CNCA\009945</subfield>
    <subfield code="z">Cocles, Bartholomaeus</subfield>
  </datafield>
  <datafield tag="790" ind1=" " ind2="1">
    <subfield code="a">Cocle,</subfield>
    <subfield code="b">Bartholomeo</subfield>
    <subfield code="3">IT\ICCU\CNCA\013769</subfield>
    <subfield code="z">Cocles, Bartholomaeus</subfield>
  </datafield>
  <datafield tag="791" ind1="0" ind2="0">
    <subfield code="a">Platonides, Ioannes Antonius</subfield>
    <subfield code="3">IT\ICCU\CNCT\003476</subfield>
    <subfield code="z">Benedetti, Giovanni Antonio &lt;1.&gt;</subfield>
  </datafield>
  <datafield tag="791" ind1="0" ind2="0">
    <subfield code="a">Benedictis, Ioannes Antonius de</subfield>
    <subfield code="c"> &lt;1&gt;</subfield>
    <subfield code="3">IT\ICCU\CNCT\004329</subfield>
    <subfield code="z">Benedetti, Giovanni Antonio &lt;1.&gt;</subfield>
  </datafield>
  <datafield tag="791" ind1="0" ind2="0">
    <subfield code="a">Benedicti, Zuan Antonio de li</subfield>
    <subfield code="3">IT\ICCU\CNCT\004330</subfield>
    <subfield code="z">Benedetti, Giovanni Antonio &lt;1.&gt;</subfield>
  </datafield>
  <datafield tag="801" ind1=" " ind2="3">
    <subfield code="a">IT</subfield>
    <subfield code="b">ICCU</subfield>
    <subfield code="c">20201114</subfield>
  </datafield>
  <datafield tag="899" ind1=" " ind2=" ">
    <subfield code="a">Biblioteca comunale dell&apos;Archiginnasio. Bologna</subfield>
    <subfield code="1">BO0304</subfield>
    <subfield code="2">UBO GA</subfield>
  </datafield>
  <datafield tag="899" ind1=" " ind2=" ">
    <subfield code="a">Biblioteca civica Queriniana. Brescia</subfield>
    <subfield code="1">BS0026</subfield>
    <subfield code="2">ZBS 01</subfield>
  </datafield>
  <datafield tag="899" ind1=" " ind2=" ">
    <subfield code="a">Biblioteca statale. Cremona</subfield>
    <subfield code="1">CR0062</subfield>
    <subfield code="2">LO1 28</subfield>
  </datafield>
  <datafield tag="899" ind1=" " ind2=" ">
    <subfield code="a">Biblioteca Apostolica Vaticana. Citt ̉del Vaticano</subfield>
    <subfield code="1">EX0001</subfield>
    <subfield code="2">ZCV 01</subfield>
  </datafield>
  <datafield tag="899" ind1=" " ind2=" ">
    <subfield code="a">Biblioteca nazionale centrale. Firenze</subfield>
    <subfield code="z">MUTILO</subfield>
    <subfield code="1">FI0098</subfield>
    <subfield code="2">CFI CF</subfield>
  </datafield>
  <datafield tag="899" ind1=" " ind2=" ">
    <subfield code="a">Biblioteca Marucelliana. Firenze</subfield>
    <subfield code="1">FI0101</subfield>
    <subfield code="2">CFI MF</subfield>
  </datafield>
  <datafield tag="899" ind1=" " ind2=" ">
    <subfield code="a">Biblioteca statale. Lucca</subfield>
    <subfield code="1">LU0022</subfield>
    <subfield code="2">LUA BL</subfield>
  </datafield>
  <datafield tag="899" ind1=" " ind2=" ">
    <subfield code="a">Biblioteca comunale Mozzi-Borgetti. Macerata</subfield>
    <subfield code="1">MC0049</subfield>
    <subfield code="2">UMC CM</subfield>
  </datafield>
  <datafield tag="899" ind1=" " ind2=" ">
    <subfield code="a">Biblioteca nazionale Braidense. Milano</subfield>
    <subfield code="1">MI0185</subfield>
    <subfield code="2">MIL NB</subfield>
  </datafield>
  <datafield tag="899" ind1=" " ind2=" ">
    <subfield code="a">Biblioteca nazionale centrale. Roma</subfield>
    <subfield code="z">MUTILO</subfield>
    <subfield code="1">RM0267</subfield>
    <subfield code="2">BVE CR</subfield>
  </datafield>
  <datafield tag="899" ind1=" " ind2=" ">
    <subfield code="a">Biblioteca Vallicelliana. Roma</subfield>
    <subfield code="1">RM0281</subfield>
    <subfield code="2">RML 08</subfield>
  </datafield>
  <datafield tag="899" ind1=" " ind2=" ">
    <subfield code="a">Biblioteca Casanatense. Roma</subfield>
    <subfield code="1">RM0313</subfield>
    <subfield code="2">RML 07</subfield>
  </datafield>
  <datafield tag="899" ind1=" " ind2=" ">
    <subfield code="a">Biblioteca comunale. Trento</subfield>
    <subfield code="1">TN0121</subfield>
    <subfield code="2">ZTN 01</subfield>
  </datafield>
  <datafield tag="899" ind1=" " ind2=" ">
    <subfield code="a">Biblioteca nazionale Marciana. Venezia</subfield>
    <subfield code="1">VE0049</subfield>
    <subfield code="2">VEA BM</subfield>
  </datafield>
  <datafield tag="911" ind1=" " ind2=" ">
    <subfield code="a">Nel colophon</subfield>
    <subfield code="9">IT\ICCU\CNCM\000543</subfield>
  </datafield>
  <datafield tag="921" ind1=" " ind2=" ">
    <subfield code="a">IT\ICCU\CNCM\000543</subfield>
    <subfield code="b">Cerchio con croce tripla e in basso mano benedicente. Iniziali I.A.P.</subfield>
    <subfield code="c">K7</subfield>
    <subfield code="c">V9</subfield>
    <subfield code="c">Z316</subfield>
    <subfield code="d">Dimensioni: 5 x 7,9</subfield>
    <subfield code="f">CERCHIO</subfield>
    <subfield code="f">CROCE</subfield>
    <subfield code="f">IAP</subfield>
    <subfield code="f">MANO</subfield>
    <subfield code="g">1502-1510</subfield>
  </datafield>
</record>
</collection>
